@inproceedings{zhang2020sparch,
    title={Sparch: Efficient architecture for sparse matrix multiplication},
    author={Zhang, Zhekai and Wang, Hanrui and Han, Song and Dally, William J},
    booktitle={2020 IEEE International Symposium on High Performance Computer Architecture (HPCA)},
    pages={261--274},
    year={2020},
    organization={IEEE}
}
@article{sadi2017design,
    title={Design of Reliable SoCs With BIST Hardware and Machine Learning},
    author={Sadi, Mehdi and Contreras, Gustavo K and Chen, Jifeng and Winemberg, LeRoy and Tehranipoor, Mark},
    journal={IEEE Transactions on Very Large Scale Integration (VLSI) Systems},
    volume={25},
    number={11},
    pages={3237--3250},
    year={2017},
    publisher={IEEE}
}